

@article{ansari2024chronos,
  author  = {Anastasios N. Angelopoulos and Rina Foygel Barber and Stephen Bates},
  title   = {Theoretical Foundations of Conformal Prediction},
  journal = {arXiv preprint arXiv:2411.11824},
  year    = {2025}
}


